<record><leader>00000cas a2200000 a 4500</leader><controlfield tag="001">30687075</controlfield><controlfield tag="008">940629d186u1865iluwr ne      0   a0eng c</controlfield><datafield ind1=" " ind2=" " tag="010"><subfield code="a">sn 94054353 </subfield></datafield><datafield ind1=" " ind2=" " tag="040"><subfield code="a">NVF</subfield><subfield code="b">eng</subfield><subfield code="c">NVF</subfield><subfield code="d">OCL</subfield><subfield code="d">NVF</subfield><subfield code="d">CVF</subfield><subfield code="d">NVF</subfield><subfield code="d">OCLCQ</subfield><subfield code="d">OCLCF</subfield><subfield code="d">OCLCO</subfield><subfield code="d">NVF</subfield></datafield><datafield ind1=" " ind2=" " tag="042"><subfield code="a">pcc</subfield></datafield><datafield ind1=" " ind2=" " tag="043"><subfield code="a">n-us-il</subfield></datafield><datafield ind1="0" ind2="0" tag="245"><subfield code="a">Rockford Democrat.</subfield></datafield><datafield ind1=" " ind2=" " tag="260"><subfield code="a">Rockford, Winnebago County, Ill. :</subfield><subfield code="b">I.S. Hyatt</subfield></datafield><datafield ind1=" " ind2=" " tag="300"><subfield code="a">volumes</subfield></datafield><datafield ind1=" " ind2=" " tag="310"><subfield code="a">Weekly</subfield></datafield><datafield ind1="0" ind2=" " tag="362"><subfield code="a">-v. 13, no. 52 (May 31, 1865).</subfield></datafield><datafield ind1=" " ind2=" " tag="515"><subfield code="a">Issues for &lt;May 4, 1864&gt;-May 31, 1865 called also whole no. &lt;20&gt;-676.</subfield></datafield><datafield ind1=" " ind2=" " tag="588"><subfield code="a">Description based on: Vol. 12, no. 48 (May 4, 1864).</subfield></datafield><datafield ind1=" " ind2="0" tag="651"><subfield code="a">Rockford (Ill.)</subfield><subfield code="v">Newspapers.</subfield></datafield><datafield ind1=" " ind2="7" tag="651"><subfield code="a">Illinois</subfield><subfield code="z">Rockford.</subfield><subfield code="2">fast</subfield><subfield code="0">(OCoLC)fst01208839</subfield></datafield><datafield ind1=" " ind2="7" tag="655"><subfield code="a">Newspapers.</subfield><subfield code="2">fast</subfield><subfield code="0">(OCoLC)fst01423814</subfield></datafield><datafield ind1=" " ind2=" " tag="752"><subfield code="a">United States</subfield><subfield code="b">Illinois</subfield><subfield code="c">Winnebago County</subfield><subfield code="d">Rockford.</subfield></datafield><datafield ind1="0" ind2="0" tag="780"><subfield code="t">Rock River Democrat</subfield><subfield code="w">(DLC)sn 84038635</subfield><subfield code="w">(OCoLC)11383896</subfield></datafield><datafield ind1="0" ind2="4" tag="785"><subfield code="t">Rockford register (Rockford, Ill.)</subfield><subfield code="w">(DLC)sn 82014331</subfield><subfield code="w">(OCoLC)8773438</subfield></datafield><datafield ind1="1" ind2=" " tag="029"><subfield code="a">AU@</subfield><subfield code="b">000011126392</subfield></datafield></record>